
@article{white_when_2016-3,
  title = {When Threat Mobilizes: {{Immigration}} Enforcement and {{Latino}} Voter Turnout},
  volume = {38},
  shorttitle = {When Threat Mobilizes},
  number = {2},
  journaltitle = {Political Behavior},
  date = {2016},
  pages = {355--382},
  author = {White, Ariel},
  file = {/Users/mrom/Zotero/storage/NQMQD2K2/s11109-015-9317-5.html;/Users/mrom/Zotero/storage/XD4DEM8Q/s11109-015-9317-5.html}
}


